@inproceedings{wei2024non,
  title={{Non-Primary Channel Access in IEEE 802.11 UHR: Comprehensive Analysis and Evaluation}},
  author={Wei, D. and Cao, L. and Zhang, L. and Gao, X. and Yin, H.},
  booktitle={2024 IEEE 100th Vehicular Technology Conference (VTC2024-Fall)},
  pages={1--6},
  year={2024},
  organization={IEEE}
}

@article{bellalta2025performance,
  title={{Performance Analysis of IEEE 802.11 bn Non-Primary Channel Access}},
  author={Bellalta, B. and Wilhelmi, F. and Galati-Giordano, L. and Geraci, G.},
  journal={arXiv preprint arXiv:2504.15774},
  year={2025}
}

@inproceedings{wei2024optimized,
  title={{Optimized Non-Primary Channel Access Design in IEEE 802.11 bn}},
  author={Wei, D. and Cao, L. and Zhang, L. and Gao, X. and Yin, H.},
  booktitle={GLOBECOM 2024-2024 IEEE Global Communications Conference},
  pages={4588--4593},
  year={2024},
  organization={IEEE}
}

@article{mnih2013playing,
  title={{Playing Atari with Deep Reinforcement Learning}},
  author={Mnih, V. and Kavukcuoglu, K. and Silver, D. and Graves, A. and Antonoglou, I. and Wierstra, D. and Riedmiller, M.},
  journal={arXiv preprint arXiv:1312.5602},
  year={2013}
}

@book{sutton2018reinforcement,
  title={{Reinforcement Learning: An Introduction}},
  author={Sutton, R. S. and Barto, A. G.},
  year={2018},
  publisher={MIT press}
}

@article{mnih2015human,
  title={{Human-Level Control Through Deep Reinforcement Learning}},
  author={Mnih, V. and Kavukcuoglu, K. and Silver, D. and Rusu, A. A. and Veness, J. and Bellemare, M. G. and Graves, A. and Riedmiller, M. and Fidjeland, A. K. and Ostrovski, G. and others},
  journal={Nature},
  volume={518},
  number={7540},
  pages={529--533},
  year={2015},
  publisher={Nature Publishing Group}
}

@inproceedings{lee2024impact,
  title={{Impact of Frame Duration on Cross-Channel Interference and Coexistence in IEEE 802.11bn NPCA}},
  author={Lee, J. and Song, T.},
  booktitle={IEEE International Conference on Communications},
  year={2024}
}